@misc{oren2019distributionally,
      title={Distributionally Robust Language Modeling}, 
      author={Yonatan Oren and Shiori Sagawa and Tatsunori B. Hashimoto and Percy Liang},
      year={2019},
      eprint={1909.02060},
      archivePrefix={arXiv},
      primaryClass={cs.CL}
}